@article{liu8700177, 
  author={P. {Liu} and B. {Fu} and S. X. {Yang}}, 
  journal={IEEE Access}, 
  title={HitBoost: Survival Analysis via a Multi-Output Gradient Boosting Decision Tree Method}, 
  year={2019}, 
  volume={7}, 
  number={}, 
  pages={56785-56795}, 
  keywords={decision trees;learning (artificial intelligence);neural nets;probability;stochastic processes;HitBoost;machine learning techniques;hazard functions;complex neural networks;stochastic process;multi-output gradient boosting decision tree method;survival predictive models;Hazards;Predictive models;Boosting;Stochastic processes;Decision trees;Diseases;Neural networks;Disease prognosis;first hitting time;gradient boosting decision tree;machine learning;survival analysis}, 
  doi={10.1109/ACCESS.2019.2913428}, 
  ISSN={2169-3536}, 
  month={},
}

@article{fu2018tbme, 
  author={B. {Fu} and P. {Liu} and J. {Lin} and L. {Deng} and K. {Hu} and H. {Zheng}}, 
  journal={IEEE Transactions on Biomedical Engineering}, 
  title={Predicting Invasive Disease-Free Survival for Early Stage Breast Cancer Patients Using Follow-Up Clinical Data}, 
  year={2019}, 
  volume={66}, 
  number={7}, 
  pages={2053-2064}, 
  keywords={Breast cancer;Prognostics and health management;Feature extraction;Pathology;Predictive models;Medical treatment;Breast cancer;machine learning;feature selection;prognosis prediction;relapse and metastasis cancer;gradient boosting decision tree}, 
  doi={10.1109/TBME.2018.2882867}, 
  ISSN={0018-9294}, 
  month={July},
}

@onlynote{pat1,
  note = {付波,刘沛,林劼,郑鸿,邓玲. 一种基于乳腺癌临床高维数据的分层重要特征选择方法[P].中国,发明专利,CN201810552686.3,2018年5月31日（申请专利）}
}

@onlynote{pat2,
  note = {付波,刘沛,郑鸿,钟晓蓉,邓玲. 一种基于Efron近似优化的生存风险建模方法[P].中国,发明专利,CN201910315815.1,2019年4月19日（申请专利）}
}

@onlynote{pat3,
  note = {付波,刘沛,付灵傲,郑鸿,邓玲,钟晓蓉. 一种用于生存风险分析的多输出梯度提升树建模方法[P].中国,发明专利,CN201910315829.3,2019年4月19日（申请专利）}
}

@onlynote{project1,
  note = {科研项目：应用多模特方法建立三阴乳腺癌预后与疗效预判体系, 纵向项目, 2017SZ0005}
}
