% [1]
@book{Lawless2002Statistical,
  title={Statistical Models and Methods for Lifetime Data, 2nd Edition},
  author={Lawless, Jerald F.},
  publisher={Wiley},
  year={2002},
}

% [1-2]
@article{Wishart2010PREDICT,
  title={PREDICT: a new UK prognostic model that predicts survival following surgery for invasive breast cancer},
  author={G. C. Wishart and E. M. Azzato and D. C. Greenberg and J. Rashbass and O. Kearins and G. Lawrence and C. Caldas and P. D. P. Pharoah},
  journal={Breast Cancer Research},
  volume = {12},
  number = {1},
  pages = {R1},
  year={2010},
}

% [2]
@article{Candido2017PREDICT,
  title = {An updated PREDICT breast cancer prognostication and treatment benefit prediction model with independent validation},
  author = {F. J. Candido dos Reis and G. C. Wishart and E. M. Dicks and D. Greenberg and et al.},
  journal = {Breast Cancer Research},
  volume = {19},
  number = {1},
  pages = {58},
  year = {2017}
}

% [3]
@article{David2011External,
  title={External Validation of Adjuvant! Online Breast Cancer Prognosis Tool. Prioritising Recommendations for Improvement},
  author={David, Hajage and de Rycke Yann and Bollet Marc and Savignoni Alexia and Caly Martial and Pierga Jean-Yves and Horlings Hugo M. and Van de Vijver Marc J. and Vincent-Salomon Anne and Sigal-Zafrani Brigitte},
  journal={Plos One},
  volume={6},
  number={11},
  pages={e27446-},
  year = {2011}
}

% [4]
@article{SparanoA2016gene,
  title={A 21-Gene Expression Assay in Breast Cancer},
  author={Sparano, Joseph A},
  journal={New England Journal of Medicine},
  volume={374},
  number={14},
  year={2016},
  pages={1385-1387},
}

% [5]
@article{COX1972Regression,
  title={Regression models and life tables},
  author={D. R. Cox},
  journal={Journal of the Royal Statistical Society},
  volume={34},
  number={2},
  pages={187-220},
  year={1972},
}

% [6]
@article{Lee2006Threshold,
  title={Threshold regression for survival analysis: Modeling event times by astochastic process reaching a boundary},
  author={M. L. T. Lee and G. A. Whitmore},
  journal={Statistical Science},
  volume={21},
  number={4},
  year={2006},
  pages={501–513},
}

% [7]
@article{Lee2010Threshold,
  title={Threshold regression for survival data with time-varying covariates},
  author={Lee, Mei Ling Ting and Whitmore, G. A. and Rosner, Bernard A.},
  journal={Statistics in Medicine},
  volume={29},
  number={7-8},
  year={2010},
  pages={896-905},
}

% [8] 
@digital{coxboost,
  title={CoxBoost: Cox models by likelihood based boosting for a single survival endpoint or competing risks (R package version 1.4) },
  author={Harald Binder},
  date={2015},
  type={CP/OL},
  url={https://cran.r-project.org/web/packages/CoxBoost/CoxBoost.pdf},
}

% [9]
@article{Goeman2010L1,
  title={L1 Penalized Estimation in the Cox Proportional Hazards Model},
  author={Goeman, Jelle J.},
  journal={Biom Journal},
  volume={52},
  number={1},
  year={2010},
  pages={0-0},
}

% [10]
@digital{Stikbakke2019fht,
  author = {V. Stikbakke},
  title = {FHTBOOST: Boosting of FHT in Survival Analysis},
  type = {EB/OL},
  date = {Feb. 28, 2019},
  url = {https://github.com/vegarsti/fhtboost},
}

% [11]
@conference{belle2007svm,
  author = {V. Van Belle and K. Pelckmans and J. A. Suykens and S. Van Huffel},
  title = {Support Vector Machines for Survival Analysis},
  year = {2007},
  pages = {1-8},
  booktitle = {In Proc. of the 3rd Int. Conf. on Computational Intelligence in Medicine and Healthcare (CIMED)}
}

% [12]
@article{Ishwaran2008Random,
  title={Random Survival Forests},
  author={Ishwaran, Hemant and Kogalur, Udaya B. and Blackstone, Eugene H. and Lauer, Michael S.},
  journal={The Annals of Applied Statistics},
  volume={2},
  number={3},
  year={2008},
  pages={841-860},
}

% [13]
@article{Ridgeway1999boost,
  title={The State of Boosting},
  author={Greg Ridgeway},
  journal={Computing Science and Statistics},
  volume={},
  number={},
  year={1999},
  pages={172–181},
}

% [14]
@article{Friedman2001gbm,
  title={Greedy function approximation: A gradient boosting machine},
  author={Jerome H. Friedman},
  journal={Annals of Statistics},
  volume={29},
  number={5},
  year={2001},
  pages={1189-1232},
}

% [15]
@article{liping2012logit,
  title={Robust LogitBoost and Adaptive Base Class (ABC) LogitBoost},
  author={Ping Li},
  journal={Computer Science},
  volume={},
  number={},
  year={2012},
  pages={},
}

% [16]
@conference{chen2016xgboost,
  author = {Chen, Tian Qi and C. Guestrin},
  title = {XGBoost: Reliable large-scale tree boosting system},
  year = {2016},
  pages = {1-6},
  booktitle = {in Proc. Conf. Knowl. Discovery Data Mining},
}

% [17]
@article{Ridgeway2007gbm,
  author = {Ridgeway, Greg},
  year = {2005},
  month = {01},
  pages = {1-12},
  title = {Generalized Boosted Models: A Guide to the GBM Package},
  volume = {1},
  journal = {Compute}
}

% [18]
@article{Binder2008Allowing,
  title={Allowing for mandatory covariates in boosting estimation of sparse high-dimensional survival models},
  author={Binder Harald and Martin Schumacher},
  journal={BMC Bioinformatics},
  volume={9},
  number={1},
  year={2008},
  pages={14-0},
}

% [19]
@article{Yang2014ml,
  title={Machine Learning Approaches to Survival Analysis: Case Studies in Microarray for Breast Cancer},
  author={L. Yang and K. Pelckmans},
  journal={International Journal of Machine Learning and Computing},
  volume={4},
  number={6},
  year={2014},
  pages={},
}

% [20]
@article{Bradley1977The,
  title={The Efficiency of Cox's Likelihood Function for Censored Data},
  author={Bradley B. Efron},
  journal={Publications of the American Statistical Association},
  volume={72},
  number={359},
  pages={557-565},
  year={1977},
}

% [21]
@article{Katzman2018DeepSurv,
  title={DeepSurv: Personalized treatment recommender system using a Cox proportional hazards deep neural network},
  author={J. L. Katzman and Uri Shaham and Alexander Cloninger and Jonathan Bates and Yuval Kluger},
  journal={Bmc Medical Research Methodology},
  volume={18},
  number={1},
  pages={24},
  year={2018},
}

% [22]
@article{Yousefi2017pre,
  title={Predicting clinical outcomes from large scale cancer genomic profiles with deep survival models},
  author={Yousefi, Safoora and Amrollahi, Fatemeh and Amgad, Mohamed and Dong, Chengliang and Lewis, Joshua E. and Song, Congzheng and Gutman, David A. and Halani, Sameer H. and Vega, Jose Enrique Velazquez and Brat, Daniel J.},
  journal={Scientific Reports},
  volume={7},
  number={1},
  pages={11707},
  year={2017},
}

% [23]
@conference{lee2018deephit,
  author = {C. Lee and W. R. Zame and J. Yoon and M. van der Schaar},
  title = {Deephit: A deep learning approach to survival analysis with competing risks},
  year = {2018},
  pages = {1-8},
  booktitle = {in Proc. AAAI},
}

% [24]
@conference{ren2019drsa,
  author = {K. Ren and et al},
  title = {DRSA: Deep Recurrent Survival Analysis},
  year = {2019},
  pages = {1-8},
  booktitle = {in Proc. AAAI}
}

% [25]
@article{Kaplan1958Nonparametric,
  title={Nonparametric Estimation From Incomplete Observations},
  author={E. L. Kaplan and Paul Meier},
  journal={Publications of the American Statistical Association},
  volume={53},
  number={282},
  pages={457-481},
  year={1958},
}

% [26]
@article{Aalen1978non,
  title={Nonparametric Inference for a Family of Counting Processes},
  author={Odd Aalen},
  journal={The Annals of Statistics},
  volume={6},
  number={4},
  pages={701-726},
  year={1978},
}

% [27]
@article{COX1975Partial,
  title={Partial likelihood},
  journal={Biometrika},
  author={D. R. Cox},
  volume={62},
  number={2},
  pages={269-276},
  year={1975},
}

% [28]
@article{MARZEC1997On,
  title={On fitting Cox's regression model with time-dependent coefficients},
  author={L. Marzec and P. Marzec},
  journal={Biometrika},
  volume={84},
  number={4},
  pages={901-908},
  year={1997},
}

% [29]
@article{Blundell1987biv,
  title={Bivariate alternatives to the Tobit model},
  author={R. Blundell and C. Meghir},
  journal={Journal of Econometrics},
  volume={34},
  number={1},
  pages={179-200},
  year={1987},
}

% [30]
@article{Buja1989lin,
  title={Linear Smoothers and Additive Models},
  author={A. Buja and T. Hastie and R. Tibshirani},
  journal={The Annals of Statistics},
  volume={17},
  number={2},
  pages={453-510},
  year={1989},
}

% [31]
@article{F1982Evaluating,
  title={Evaluating the Yield of Medical Tests},
  author={F. E. Jun Harrell and Califf, R. M. and Pryor, D. B. and Lee, K. L. and R. A. Rosati},
  journal={Journal of the American Medical Association},
  volume={247},
  number={18},
  pages={2543-2546},
  year={1982},
}

% [32]
@article{Antolini2005td,
  title={A time-dependent discrimination index for survival data},
  author={Laura Antolini and Patrizia Boracchi and Elia Biganzoli},
  journal={Statistics in Medicine},
  volume={24},
  number={24},
  pages={3927-3944},
  year={2005},
}

% [33]
@article{HeagertyTime,
  title={Time-Dependent ROC Curves for Censored Survival Data and a Diagnostic Marker},
  author={Heagerty, Patrick J. and Lumley, Thomas and Pepe, Margaret S.},
  journal={Biometrics},
  volume={56},
  number={2},
  pages={337-344},
  year={2000},
}

% [34]
@conference{Yan2004pre,
  author = {L. Yan and D. Verbel and O. Saidi},
  title = {Predicting prostate cancer recurrence via maximizing the concordance index},
  year = {2004},
  pages={479-485},
  booktitle = {in Conference on Knowledge Discovery and Data Mining}
}

% [35]
@conference{Yan2003opt,
  author = {Yan, Lian and Dodier, Robert and Mozer, Michael and Wolniewicz, Richard},
  year = {2003},
  pages = {848-855},
  title = {Optimizing Classifier Performance via an Approximation to the Wilcoxon-Mann-Whitney Statistic},
  booktitle = {International Conference Machine Learning}
}

% [36]
@article{Breslow1974Covariance,
  title={Covariance Analysis of Censored Survival Data},
  author={N. Breslow},
  journal={Biometrics},
  volume={30},
  number={1},
  pages={89-99},
  year={1974},
}

% [37]
@article{Kalbfleisch1986The,
  title={The Statistical Analysis of Failure Time Data},
  author={Kalbfleisch, John D. and Prentice, Ross L.},
  journal={IEEE Transactions on Reliability},
  volume={34},
  number={1},
  pages={11-11},
  year={1986},
}

% [38]
@article{Hosmer2000Applied,
  title={Applied Survival Analysis: Regression Modeling of Time to Event Data},
  author={Hosmer, David W. and Lemeshow, Stanley and May, Susanne},
  journal={Journal of Statistical Planning \& Inference},
  volume={95},
  number={450},
  pages={173-175},
  year={2000},
}

% [39]
@article{Knaus1995The,
  title={The SUPPORT Prognostic Model: Objective Estimates of Survival for Seriously Ill Hospitalized Adults},
  author={W. A. Knaus and F. E. Harrell and J. Lynn and L. Goldman and et al.},
  journal={Annals of Internal Medicine},
  volume={122},
  number={3},
  pages={191},
  year={1995},
}

% [40]
@article{Curtis2012The,
  title={The genomic and transcriptomic architecture of 2,000 breast tumours reveals novel subgroups},
  author={C. Curtis and S. P. Shah and et al.},
  journal={Nature},
  volume={486},
  pages={1645},
  year={2012},
}

% [41]
@article{Foekens2000The,
  title={The urokinase system of plasminogen activation and prognosis in 2780 breast cancer patients},
  journal={Cancer Research},
  author={J. A. Foekens and H. A. Peters and M. P. Look and et al.},
  volume={60},
  number={3},
  pages={636-643},
  year={2000},
}

% [42]
@digital{lifelines,
  title={lifelines: Survival analysis in Python (Python package version 0.24.0) },
  author={Cam Davidson-Pilon},
  date={2020},
  type={CP/OL},
  url={http://lifelines.readthedocs.org},
}

% [43]
@digital{mboost,
  title={mboost: Model-Based Boosting (R package version 2.9-1) },
  author={Torsten Hothorn and Peter Buehlmann and Thomas Kneib and et al.},
  date={2020},
  type={CP/OL},
  url={https://cran.r-project.org/web/packages/mboost/mboost.pdf},
}

% [44]
@digital{sksurv,
  title={sksurv: scikit-survival (Python package version 0.11) },
  author={Pölsterl, S. and Navab, N. and Katouzian, A.},
  date={2020},
  type={CP/OL},
  url={https://scikit-survival.readthedocs.io/en/latest},
}

% [45]
@digital{threg,
  title={Threshold Regression (R package version 1.0.3) },
  author={Tao Xiao},
  date={2015},
  type={CP/OL},
  url={https://cran.r-project.org/web/packages/threg/threg.pdf},
}

% [46]
@digital{rfsrc,
  title={Fast Unified Random Forests for Survival, Regression, and Classification (R package version 2.9.3) },
  author={Hemant Ishwaran and Udaya B. Kogalur},
  date={2020},
  type={CP/OL},
  url={https://cran.r-project.org/web/packages/randomForestSRC/randomForestSRC.pdf},
}

% [47]
@article{Bergstra2013hpopt,
  author = {Bergstra, James and Komer, Brent and Eliasmith, Chris and Yamins, Dan and Cox, David},
  year = {2015},
  month = {7},
  pages = {014008},
  title = {Hyperopt: A Python library for model selection and hyperparameter optimization},
  volume = {8},
  journal = {Computational Science \& Discovery},
  doi = {10.1088/1749-4699/8/1/014008}
}

% [48]
@article{fu2018tbme, 
  author={B. {Fu} and P. {Liu} and J. {Lin} and L. {Deng} and K. {Hu} and H. {Zheng}}, 
  journal={IEEE Transactions on Biomedical Engineering}, 
  title={Predicting Invasive Disease-Free Survival for Early Stage Breast Cancer Patients Using Follow-Up Clinical Data}, 
  year={2019}, 
  volume={66}, 
  number={7}, 
  pages={2053-2064}, 
  keywords={Breast cancer;Prognostics and health management;Feature extraction;Pathology;Predictive models;Medical treatment;Breast cancer;machine learning;feature selection;prognosis prediction;relapse and metastasis cancer;gradient boosting decision tree}, 
  doi={10.1109/TBME.2018.2882867}, 
  ISSN={0018-9294}, 
  month={July},
}

% [49]
@article{AJCC8,
  title={美国肿瘤联合会乳腺癌分期系统(第8版)更新内容介绍及解读},
  author={周斌 and 季科 and 辛灵 and 张虹 and 徐玲 and 李挺 and 刘荫华},
  journal={中国实用外科杂志},
  volume={1}, 
  number={1},
  pages={15-19},
  year={2017},
}
